@book{matsimbook,
  title={{The multi-agent transport simulation MATSim}},
  author={Horni, Andreas and Nagel, Kai and Axhausen, Kay W},
  year={2016},
  publisher={Ubiquity Press, London}
}


@article{axhausen2008income,
  title={Income and distance elasticities of values of travel time savings: New Swiss results},
  author={Axhausen, Kay W and Hess, Stephane and K{\"o}nig, Arnd and Abay, Georg and Bates, John J and Bierlaire, Michel},
  journal={Transport Policy},
  volume={15},
  number={3},
  pages={173--185},
  year={2008},
  publisher={Elsevier}
}

@inproceedings{Bierlaire2003,
    address = {Ascona, Switzerland},
    author = {Bierlaire, Michel},
    booktitle = {3rd Swiss Transportation Research Conference},
    title = {{BIOGEME: A free package for the estimation of discrete choice models.}},
    url = {http://biogeme.epfl.ch/},
    year = {2003}
}
@book{Bierlaire2008,
    author = {Bierlaire, Michel},
    title = {{An Introduction to BIOGEME Version 1.6}},
    year = {2008}
}
